@inproceedings{saha2006mcrt,
  title={McRT-STM: a high performance software transactional memory system for a multi-core runtime},
    author={Saha, Bratin and Adl-Tabatabai, Ali-Reza and Hudson, Richard L and Minh, Chi Cao and Hertzberg,
    Benjamin},
      booktitle={Proceedings of the eleventh ACM SIGPLAN symposium on Principles and practice of parallel
      programming},
        pages={187--197},
	  year={2006},
	    organization={ACM}
	    }

@inproceedings{hudson2006mcrt,
  title={McRT-Malloc: a scalable transactional memory allocator},
    author={Hudson, Richard L and Saha, Bratin and Adl-Tabatabai, Ali-Reza and Hertzberg, Benjamin C},
      booktitle={Proceedings of the 5th international symposium on Memory management},
        pages={74--83},
	  year={2006},
	    organization={ACM}
	    }

@inproceedings{olszewski2007judostm,
  title={JudoSTM: A dynamic binary-rewriting approach to software transactional memory},
    author={Olszewski, Marek and Cutler, Jeremy and Steffan, J Gregory},
      booktitle={Proceedings of the 16th International Conference on Parallel Architecture and Compilation
      Techniques},
        pages={365--375},
	  year={2007},
	    organization={IEEE Computer Society}
	    }
