@article{valiant-cacm-1990,
  author  = {Leslie Valiant},
  title   = {{A Bridging Model for Parallel Computation}},
  journal = {{Communications of the ACM}},
  volume  = 33,
  number  = 8,
  month   = aug,
  year    = 1990,
  pages   = {103--111},
}

@MISC{Gerbessiotis96deterministicsorting,
    author = {Alexandros V. Gerbessiotis and Constantinos J. Siniolakis},
        title = {Deterministic Sorting and Randomized Median Finding on the BSP model},
	    year = {1996}
	    }
@article{azizoglu2000lower,
  title={Lower bounds on communication loads and optimal placements in torus networks},
    author={Azizoglu, M Cemil and Egecioglu, Omer},
      journal={Computers, IEEE Transactions on},
        volume={49},
	  number={3},
	    pages={259--266},
	      year={2000},
	        publisher={IEEE}
		}
