@article{von2003capriccio,
  title={Capriccio: scalable threads for internet services},
    author={Von Behren, Rob and Condit, Jeremy and Zhou, Feng and Necula, George C and Brewer, Eric},
      journal={ACM SIGOPS Operating Systems Review},
        volume={37},
	  number={5},
	    pages={268--281},
	      year={2003},
	        publisher={ACM}
		}

@article{seltzer2005performance,
  title={Performance of Multithreaded Chip Multiprocessors And Implications For Operating System Design,
  Alexandra Fedorova},
    author={Seltzer, Margo and Small, Christopher and Nussbaum, Daniel},
      year={2005}
      }
