
@inproceedings{ghemawat2003google,
  title={The Google file system},
    author={Ghemawat, Sanjay and Gobioff, Howard and Leung, Shun-Tak},
      booktitle={ACM SIGOPS Operating Systems Review},
        volume={37},
	  number={5},
	    pages={29--43},
	      year={2003},
	        organization={ACM}
		}

@inproceedings{Yang:2007:MSR:1247480.1247602,
 author = {Yang, Hung-chih and Dasdan, Ali and Hsiao, Ruey-Lung and Parker, D. Stott},
  title = {Map-reduce-merge: simplified relational data processing on large clusters},
   booktitle = {Proceedings of the 2007 ACM SIGMOD international conference on Management of data},
    series = {SIGMOD '07},
     year = {2007},
      isbn = {978-1-59593-686-8},
       location = {Beijing, China},
        pages = {1029--1040},
	 numpages = {12},
	  url = {http://doi.acm.org/10.1145/1247480.1247602},
	   doi = {10.1145/1247480.1247602},
	    acmid = {1247602},
	     publisher = {ACM},
	      address = {New York, NY, USA},
	       keywords = {cluster, data processing, distributed, join, map-reduce, map-reduce-merge, parallel,
	       relational, search engine},
	       } 
@article{guo2009bcube,
  title={BCube: a high performance, server-centric network architecture for modular data centers},
    author={Guo, Chuanxiong and Lu, Guohan and Li, Dan and Wu, Haitao and Zhang, Xuan and Shi, Yunfeng and
    Tian, Chen and Zhang, Yongguang and Lu, Songwu},
      journal={ACM SIGCOMM Computer Communication Review},
        volume={39},
	  number={4},
	    pages={63--74},
	      year={2009},
	        publisher={ACM}
		}

@article{Chang:2008:BDS:1365815.1365816,
 author = {Chang, Fay and Dean, Jeffrey and Ghemawat, Sanjay and Hsieh, Wilson C. and Wallach, Deborah A. and
 Burrows, Mike and Chandra, Tushar and Fikes, Andrew and Gruber, Robert E.},
  title = {Bigtable: A Distributed Storage System for Structured Data},
   journal = {ACM Trans. Comput. Syst.},
    issue_date = {June 2008},
     volume = {26},
      number = {2},
       month = jun,
        year = {2008},
	 issn = {0734-2071},
	  pages = {4:1--4:26},
	   articleno = {4},
	    numpages = {26},
	     url = {http://doi.acm.org/10.1145/1365815.1365816},
	      doi = {10.1145/1365815.1365816},
	       acmid = {1365816},
	        publisher = {ACM},
		 address = {New York, NY, USA},
		  keywords = {Large-Scale Distributed Storage},
		  } 

@inproceedings{Guo:2008:DSF:1402958.1402968,
 author = {Guo, Chuanxiong and Wu, Haitao and Tan, Kun and Shi, Lei and Zhang, Yongguang and Lu, Songwu},
  title = {Dcell: a scalable and fault-tolerant network structure for data centers},
   booktitle = {Proceedings of the ACM SIGCOMM 2008 conference on Data communication},
    series = {SIGCOMM '08},
     year = {2008},
      isbn = {978-1-60558-175-0},
       location = {Seattle, WA, USA},
        pages = {75--86},
	 numpages = {12},
	  url = {http://doi.acm.org/10.1145/1402958.1402968},
	   doi = {10.1145/1402958.1402968},
	    acmid = {1402968},
	     publisher = {ACM},
	      address = {New York, NY, USA},
	       keywords = {data center, fault-tolerance, network topology, throughput},
	       } 
